%! Author = Lennart Kloock

@article{mcculloch,
    title = {A logical calculus of the ideas immanent in nervous activity.},
    author = {McCulloch, Warren S. and Pitts, Walter H.},
    language = {Englisch},
    journal = {Bulletin of Mathematical Biology},
    year = {1943}
}
@article{ct-netzgespinste,
    author = {Trinkwalder, Andrea},
    title = {Netzgespinste},
    journal = {c't},
    year = {2016},
    url = {https://www.heise.de/select/ct/2016/6/1458191210995647},
    urldate = {2021-03-16}
}
@online{3b1b-1,
    author = {3Blue1Brown},
    title = {But what is a Neural Network? | Deep learning, chapter 1},
    year = {2017},
    urldate = {2021-02-23},
    url = {https://youtu.be/aircAruvnKk}
}
@online{3b1b-2,
    author = {3Blue1Brown},
    title = {Gradient descent, how neural networks learn | Deep learning, chapter 2},
    year = {2017},
    urldate = {2021-03-15},
    url = {https://youtu.be/IHZwWFHWa-w}
}
@online{3b1b-3,
    author = {3Blue1Brown},
    title = {What is backpropagation really doing? | Deep learning, chapter 3},
    year = {2017},
    urldate = {2021-03-28},
    url = {https://youtu.be/Ilg3gGewQ5U}
}
@online{3b1b-4,
    author = {3Blue1Brown},
    title = {Backpropagation calculus | Deep learning, chapter 4},
    year = {2017},
    urldate = {2021-03-21},
    url = {https://youtu.be/tIeHLnjs5U8}
}
@online{weitz,
    author = {Weitz, Edmund},
    organization = {HAW Hamburg},
    title = {Gradientenverfahren (gradient descent) und Fehlerrückführung (backpropagation)},
    year = {2017},
    urldate = {2021-03-28},
    url = {https://youtu.be/FE5ROPtWiwE}
}
@book{kriesel,
    author = {Kriesel, David},
    title = {Ein kleiner Überblick über Neuronale Netze},
    year = {2007},
    url = {https://www.dkriesel.com},
}
@online{mnist,
    author = {LeCun, Yann and Cortes, Corinna and Burges, Christopher J.C.},
    title = {The MNIST database of handwritten digits},
    url = {http://yann.lecun.com/exdb/mnist},
}